% Encoding: UTF-8

@Book{2010-GussoAR-VidaNova,
  title     = {Gramática Instrumental do Grego: do Alfabeto à Tradução a Partir do Novo Testamento: Passo a Passo.},
  publisher = {Vida Nova},
  year      = {2010},
  author    = {Antônio Renato Gusso},
  editor    = {Daniel de Oliveira},
  address   = {São Paulo, SP},
  edition   = {1},
  isbn      = {978-85-275-0428-7},
}

@Comment{jabref-meta: databaseType:bibtex;}

@Book{ARA,
  publisher = {Sociedade Bíblica do Brasil},
  title     = {A {Bí}blia {S}agrada},
  year      = {1993},
  address   = {Barueri, SP, Brasil},
  edition   = {Traduzida em {P}ortuguês por {J}oão {F}erreira de {A}lmeida. {R}evista e {A}tualizada, 2{$^a$} Ed.~({ARA})},
}

@Comment{jabref-meta: databaseType:bibtex;}

@Book{ARC,
  publisher = {Sociedade Bíblica do Brasil},
  title     = {{A} {Bí}blia {S}agrada {C}ontendo o {V}elho e o {N}ovo {T}estamento},
  year      = {1995},
  address   = {Brasília, DF, Brasil},
  edition   = {Traduzida em {P}ortuguês por {J}oão {F}erreira de {A}lmeida. Edição {R}evista e {C}orrigida ({ARC})},
}

@Comment{jabref-meta: databaseType:bibtex;}

