% Encoding: UTF-8

@Book{1985-RieneckerF+RogersC-VidaNova,
  title     = {Chave Lingüística do Novo Testamento Grego},
  publisher = {Vida Nova},
  year      = {1985},
  author    = {Fritz Rienecker and Cleon Rogers},
  address   = {São Paulo, SP},
  edition   = {1},
  isbn      = {978-85-275-0009-8},
  note      = {Tradução Gordon Chown and Júlio P. T. Zabatiero},
}

@Comment{jabref-meta: databaseType:bibtex;}

% Encoding: UTF-8

@Book{1993-ZodhiatesS+HadjiantoniouG-AMG,
  title     = {The complete word study dictionary : New Testament},
  publisher = {AMG Publishers},
  year      = {1993},
  editor    = {Spiros Zodhiates and Warren Baker and George Hadjiantoniou},
  address   = {Chattanooga, TN, USA},
  isbn      = {978-0-89957-663-3},
}

@Comment{jabref-meta: databaseType:bibtex;}

% Encoding: UTF-8

@Book{1997-ManiatoglouMPF-Porto,
  title     = {Dicionário Grego-Português, Português-Grego},
  publisher = {Porto Editora},
  year      = {1997},
  author    = {Maniatoglou, Maria da Piedade Faria},
  address   = {Porto, Portugal},
  isbn      = {978-972-0-05182-0},
}

@Comment{jabref-meta: databaseType:bibtex;}

% Encoding: UTF-8

@Book{2000-BaillyA-Hachette,
  title     = {Dictionnaire Grec-Français},
  publisher = {Hachette},
  year      = {2000},
  author    = {Anatole Bailly},
  address   = {Paris},
  isbn      = {978-2-01-167939-0},
}

@Comment{jabref-meta: databaseType:bibtex;}

% Encoding: UTF-8

@Book{2003-LouwJP+NidaEA-SBB,
  title     = {Léxico Grego-Português do Novo Testamento: Baseado em Domínios Semânticos},
  publisher = {Sociedade Bíblica do Brasil},
  year      = {2003},
  author    = {Johannes P. Louw and Eugene A. Nida},
  address   = {Barueri, SP},
  isbn      = {978-85-311-1026-9},
  note      = {Tradução Vilson Scholz},
}

@Comment{jabref-meta: databaseType:bibtex;}

% Encoding: UTF-8

@Book{2007-FribergB+FribergT-VidaNova,
  title     = {O Novo Testamento Grego Analítico},
  publisher = {Vida Nova},
  year      = {2007},
  editor    = {Barbara Friberg and Timothy Friberg},
  address   = {São Paulo, SP},
  isbn      = {978-85-275-0173-6},
}

@Comment{jabref-meta: databaseType:bibtex;}

% Encoding: UTF-8

@Book{2007-GingrichFW-VidaNova,
  title     = {Léxico do Novo Testamento Grego Português},
  publisher = {Vida Nova},
  year      = {2007},
  author    = {F. Wilbur Gingrich},
  address   = {São Paulo, SP},
  isbn      = {978-85-275-0085-2},
  note      = {Tradução Júlio P. T. Zabatiero},
}

@Comment{jabref-meta: databaseType:bibtex;}

% Encoding: UTF-8

@Book{2009-Houaiss+Franco-Objetiva,
  title     = {Dicionário Houaiss da Língua Portuguesa},
  publisher = {Objetiva},
  year      = {2009},
  author    = {Antônio Houaiss and Mauro de Salles Villar and Francisco M. de M. Franco},
  address   = {Rio de Janeiro},
  edition   = {1},
  isbn      = {978-85-7302-963-5},
}

@Comment{jabref-meta: databaseType:bibtex;}

% Encoding: UTF-8

@Book{2009-MounceWD-Vida,
  title     = {Fundamentos do Grego Bíblico: Livro de Gramática},
  publisher = {Vida},
  year      = {2009},
  author    = {William D. Mounce},
  address   = {São Paulo, SP},
  edition   = {1},
  month     = jul,
  isbn      = {978-85-383-0103-5},
  note      = {Tradução Gordon Chown},
}

@Comment{jabref-meta: databaseType:bibtex;}

% Encoding: UTF-8

@Book{2011-SilvaASM-WMFMartinsFontes,
  title     = {Palavra-chave: Dicionário semibilíngue para brasileiros : francês},
  publisher = {WMF Martins Fontes},
  year      = {2011},
  address   = {São Paulo, SP},
  isbn      = {978-85-7827-354-5},
  note      = {Tradução de Andréa Stahel M. da Silva},
}

@Comment{jabref-meta: databaseType:bibtex;}

% Encoding: UTF-8

@Book{2012-RobinsonE-CPAD,
  title     = {Léxico Grego do Novo Testamento},
  publisher = {CPAD},
  year      = {2012},
  author    = {Edward Robinson},
  address   = {Bangu, Rio de Janeiro},
  edition   = {1},
  note      = {Tradução Paulo Sérgio Gomes},
}

@Comment{jabref-meta: databaseType:bibtex;}

% Encoding: UTF-8

@Book{2013-MounceWD-VidaNova,
  title     = {Léxico Analítico do Novo Testamento Grego},
  publisher = {Vida Nova},
  year      = {2013},
  author    = {William D. Mounce},
  editor    = {Daniel de Oliveira},
  address   = {São Paulo, SP},
  edition   = {1},
  isbn      = {978-85-275-0509-3},
  note      = {Tradução Daniel de Oliveira},
}

@Comment{jabref-meta: databaseType:bibtex;}

